@article{Harsanyi:1967, 
author = "J.  C.  Harsanyi",
title ="Games of Incomplete Information Played by {B}ayesian 
Players ({I}, {II}, and {III})",
journal = "Management Science",
volume = "14",
year = "1967-68",
pages = "159-182, 320-334, 486-502"}

@article{KrepsWilson:1982, 
author = "D.  M.  Kreps and R.  Wilson",
title ="Sequential Equilibria",
journal = "Econometrica",
volume = "50",
year = "1982",
pages = "863-894"}

@article{LemHow:64, 
author = "C. E. Lemke and J. T. Howson",
title ="Equilibrium Points of Bimatrix Games",
journal = "Journal of the Society of Industrial and Applied Mathematics",
volume = "12",
year = "1964",
pages = "413-423"}

@misc{McK:91,
author = "R. D. McKelvey",
title = "A {L}iapunov Function for {N}ash Equilibria",
note = "California Institute of Technology",
howpublished = "Mimeo",
year = "1991"}

@article{McKPal:95a,
author = "R. D. McKelvey and T. R. Palfrey",
title = "Quantal Response Equilibria for Normal Form Games",
journal = "Games and Economic Behavior",
volume = "10",
year = "1995",
pages = "6-38"}

@misc{McKPal:95b,
author = "R. D. McKelvey and T. R. Palfrey",
title = "Quantal Response Equilibria for Extensive Form Games",
note = "Caltech Social Science Working Paper",
howpublished = "mimeo",
year = "1995"}

@article{Nash:1950,
author = "J. F. Nash",
title = "Equilibrium Points in n-person Games",
journal = "Proceedings of the National Academy of Science",
volume = "36",
year = "1950",
pages = "48-49"}

@article{Rosen:1965,
author = "J. B. Rosen",
title = "Existence and Uniqueness of Equilibrium Points for Concave
n-Person Games",
journal = "Econometrica",
volume = "33",
year = "1965",
pages = "520-534"}

@article{Rosenmuller:1971,
author = "J. Rosenmuller",
title ="On a Generalization of the {L}emke-{H}owson Algorithm to 
Noncooperative N-Person Games",
journal = "SIAM Journal of Applied Mathematics",
volume = "21",
year = "1971",
pages = "73-79"}

@article{Selten:1975, 
author = "R.  Selten",
title ="Reexamination of the Perfectness Concept for Equilibrium 
Points in Extensive Games",
journal = "International Journal of Game Theory",
volume = "4",
year = "1975",
pages = "25-55"}

@article{Shapley:1953, 
author = "L.  S.  Shapley",
title ="Stochastic Games",
journal = "Proceedings of the National Academy of Sciences",
volume = "39",
year = "1953",
pages = "1095-1100"}

@article{Wilson:1971,
author = "R.  Wilson",
title ="Computing Equilibria of N-person Games",
journal = "SIAM Applied Math",
volume = "21",
year = "1971",
pages = "80-87"}

@article{Wil:1992,
author = "R.  Wilson",
title ="Computing Simply Stable Equilibria",
journal = "Econometrica",
volume = "60",
year = "1992",
pages = "1039-1070"}

@book{vanDamme:1983,
author = "E. van Damme",
title = "Stability and Perfection of {N}ash Equilibria",
address = "Berlin",
publisher = "Springer Verlag",
year = "1983"}	

@article{VTH:1987,
author = "van Der Laan, G. and A.  J.  J.  Talman and van Der Heyden, L.",
title ="Simplicial Variable Dimension Algorithms for Solving the
Nonlinear Complementary Problem on a Product of Unit Simplices Using a
General Labelling",
journal = "Mathematics of Operations Research",
year = "1987",
pages = "377-397"}

@misc{Yamomoto:1990,
author = "Y. Yamomoto",
title ="A Path-Following Procedure to Find a Proper Equilibrium of 
Finite Games",
note = "University of Tsukuba, Tsukuba, Ibaraki 305 Japan",
howpublished = "Mimeo",
year = "March 1990"}


@article{BanksSobel:1987, 
author = "Banks, J., and J. Sobel",
title = "Equilibrium selection in signalling games", 
journal = "Econometrica",
volume = "55",
year = "1987",
pages = "647-661"}

@article{Bernheim:1984, 
author = "Bernheim, D.",
title =  "Rationalizable strategic behavior",
journal = "Econometrica",
volume = "52",
year = "1984",
pages = "1007-1028"}

@article{Brandenburger:1987, 
author = "Brandenburger, A., and E. Dekel",
title =  "Rationalizability and correlated equilibria",
journal = "Econometrica",
volume = "55",
year = "1987",
pages = "1391-1402"}

@article{Cho:1987, 
author = "Cho, I.-K.",
title =  "A Refinement of Sequential Equilibrium",
journal = "Econometrica", 
volume = "55",
year = "1987",
pages = "1367-1389"}

@article{ChoKreps:1987, 
author = "Cho, I., and D. M. Kreps",
title =  "Signalling games and stable equilibria", 
journal = "Quarterly Journal of Economics",
volume = "102",
year = "1987",
pages = "179-221"}

@article{GrossmanPerry:1986, 
author = "Grossman, S., and M. Perry",
title =  "Perfect Sequential Equilibrium",
journal = "Journal of Economic Theory",
volume = "39",
year = "1986",
pages = "97-119"}

@book{HarsanyiSelten:1988, 
author = "Harsanyi, J. C., and R. Selten",
title = "A general theory of equilibrium selection in games",
publisher = "MIT Press",
address = "Cambridge",
year = "1988"}

@article{KohlbergMertens:1986, 
author = "Kohlberg, E. and J. F. Mertens",
title =  "On the strategic stability of equilibria", 
journal = "Econometrica",
volume = "54",
year = "1986",
pages = "1003-1037"}

@article{McKelveyPage:1986, 
author = "McKelvey, R. D., and T. Page",
title =  "Common knowledge, consensus, and aggregate information",
journal = "Econometrica",
volume = "54",
year = "1986",
pages = "109-127"}

@article{Pearce:1984, 
author = "Pearce, D.",
title =  "Rationalizable strategic behavior and the problem of perfection", 
journal = "Econometrica",
volume = "52",
year = "1984",
pages = "1029-1050"}

@book{PressFlanneryEtc:1986, 
author = "Press, W. H. and B. P. Flannery and S. A. Teukolsky and W. T. Vetterling",
title = "Numerical Recipies in {C}: The Art of Scientific Computing",
publisher = "Cambridge University Press",
year = "1986"}

@book{VanDamme:1987, 
author = "Van Damme, E.",
title = "Refinements of the {N}cash equilibrium concept",
publisher = "Springer Verlag",
year = "1987"}

@article{DicKap:91, 
author = "Dickhaut, J., and T. Kaplan",
title =  "A program for finding Nash equilibria", 
journal = "The Mathematica Journal",
volume = "1",
year = "1991",
pages = "87-93"}

@article{Eav:71, 
author = "Eaves, B. C.",
title =  "The linear complementarity problem", 
journal = "Management Science",
volume = "17",
year = "1971",
pages = "612-634"}

@misc{KolMegSte:94, 
author = "D. Koller and N. Megiddo and B. von Stengel",
title =  "Efficient solutions of extensive two-person games", 
note = "Computer Science Division, University of California at Berkeley",
howpublished = "mimeo",
year = "1994"}

@article{Lem:65, 
author = "Lemke, C. E.",
title =  "Bimatrix equilibrium points and mathematical programming", 
journal = "Management Science",
volume = "11",
year = "1965",
pages = "681=689"}

@article{Man:64,
author = "Mangasarian, O. L.", 
title = "Equilibrium points in bimatrix games",
journal = "Journal of the Society for Industrial and Applied Mathematics",
volume = "12",
year = "1964",
pages = "778-780"}

